<?xml version="1.0" encoding="UTF-8"?>
<collection xmlns:xsi="http://www.w3.org/2001/XMLSchema-instance" xsi:schemaLocation="http://www.loc.gov/MARC21/slim http://www.loc.gov/standards/marcxml/schema/MARC21slim.xsd" xmlns="http://www.loc.gov/MARC21/slim">
<record>
  <leader>01093cam a2200253M  4500</leader>
  <controlfield tag="001">5346157</controlfield>
  <controlfield tag="003">NNC</controlfield>
  <controlfield tag="005">20150920223112.0</controlfield>
  <controlfield tag="008">951009m19559999ua            000 0 arard</controlfield>
  <datafield tag="035" ind1=" " ind2=" ">
    <subfield code="a">(OCoLC)ocm34380854</subfield>
  </datafield>
  <datafield tag="035" ind1=" " ind2=" ">
    <subfield code="a">(NNC)5346157</subfield>
  </datafield>
  <datafield tag="040" ind1=" " ind2=" ">
    <subfield code="a">JHE</subfield>
    <subfield code="c">JHE</subfield>
    <subfield code="d">KUK</subfield>
    <subfield code="d">ZCU</subfield>
  </datafield>
  <datafield tag="099" ind1=" " ind2=" ">
    <subfield code="a">893.78</subfield>
    <subfield code="a">D35 v.13</subfield>
  </datafield>
  <datafield tag="100" ind1="0" ind2=" ">
    <subfield code="a">Abū al-ʻAlāʼ al-Maʻarrī,</subfield>
    <subfield code="d">973-1057.</subfield>
  </datafield>
  <datafield tag="245" ind1="1" ind2="0">
    <subfield code="a">Sharḥ Luzūm mā lā yalzam</subfield>
    <subfield code="c">li-Abī al-ʻAlāʼ al-Maʻarrī Aḥmad ibn ʻAbd Allāh ibn Sulaymān al-Tanūkhī ; taʼlīf Ṭāhā Ḥusayn, Ibrāhīm al-Ibyārī.</subfield>
  </datafield>
  <datafield tag="260" ind1=" " ind2=" ">
    <subfield code="a">[Cairo] :</subfield>
    <subfield code="b">Dār al-Maʻārif,</subfield>
    <subfield code="c">[1955]-</subfield>
  </datafield>
  <datafield tag="300" ind1=" " ind2=" ">
    <subfield code="a">v. ;</subfield>
    <subfield code="c">26 cm.</subfield>
  </datafield>
  <datafield tag="490" ind1="1" ind2=" ">
    <subfield code="a">Dhakh⁻aʾir al-ʻArab ;</subfield>
    <subfield code="v">13</subfield>
  </datafield>
  <datafield tag="500" ind1=" " ind2=" ">
    <subfield code="a">"En fait, le preśent volume ne constitue pas une édition des Lozūminyyāt mais seulement un commentaire au texte du poète. Les éditeurs ne signalent pas l'édition utilisée."--MIDEO, v. 3 p. 279.</subfield>
  </datafield>
  <datafield tag="650" ind1=" " ind2="0">
    <subfield code="a">Arabic language</subfield>
    <subfield code="x">Grammar.</subfield>
  </datafield>
  <datafield tag="700" ind1="1" ind2=" ">
    <subfield code="a">Ḥusayn, Ṭāhā.</subfield>
  </datafield>
  <datafield tag="700" ind1="1" ind2=" ">
    <subfield code="a">Ibyārī, Ibrāhīm.</subfield>
  </datafield>
  <datafield tag="830" ind1=" " ind2="0">
    <subfield code="a">Dhakhāʼir al-ʻArab ;</subfield>
    <subfield code="v">13.</subfield>
  </datafield>
  <datafield tag="955" ind1=" " ind2=" ">
    <subfield code="b">0315334864</subfield>
    <subfield code="d">glx</subfield>
    <subfield code="e">893.78 D35 v.13</subfield>
    <subfield code="v">v.13:1</subfield>
  </datafield>
</record>
</collection>